%% This BibTeX bibliography file was created using BibDesk.
%% http://bibdesk.sourceforge.net/


%% Created for Edward Roualdes at 2013-11-19 22:32:19 -0500 


%% Saved with string encoding Unicode (UTF-8) 



@article{Gilks:1994aa,
	Author = {Gilks, Walter R and Roberts, Gareth O and George, Edward I},
	Date-Added = {2013-11-20 03:32:15 +0000},
	Date-Modified = {2013-11-20 03:32:19 +0000},
	Journal = {The statistician},
	Pages = {179--189},
	Publisher = {JSTOR},
	Title = {Adaptive direction sampling},
	Year = {1994}}

@article{Hastings:1970aa,
	Author = {Hastings, W Keith},
	Date-Added = {2013-11-20 03:30:25 +0000},
	Date-Modified = {2013-11-20 03:32:19 +0000},
	Journal = {Biometrika},
	Number = {1},
	Pages = {97--109},
	Publisher = {Biometrika Trust},
	Title = {Monte Carlo sampling methods using Markov chains and their applications},
	Volume = {57},
	Year = {1970}}

@book{Geyer:1992aa,
	Author = {Geyer, Charles J},
	Date-Added = {2013-11-20 03:29:27 +0000},
	Date-Modified = {2013-11-20 03:32:19 +0000},
	Publisher = {Defense Technical Information Center},
	Title = {Markov chain Monte Carlo maximum likelihood},
	Year = {1992}}

@book{Liang:2011aa,
	Author = {Liang, Faming and Liu, Chuanhai and Carroll, Raymond},
	Date-Added = {2013-11-20 03:28:08 +0000},
	Date-Modified = {2013-11-20 03:32:19 +0000},
	Publisher = {Wiley. com},
	Title = {Advanced Markov chain Monte Carlo methods: learning from past samples},
	Volume = {714},
	Year = {2011}}
