%% This BibTeX bibliography file was created using BibDesk.
%% http://bibdesk.sourceforge.net/


%% Created for Edward Roualdes at 2013-12-10 16:01:12 -0500 


%% Saved with string encoding Unicode (UTF-8) 



@article{Liang:2000,
	Author = {Liang, Faming and Wong, Wing Hung},
	Date-Added = {2013-11-22 23:54:58 +0000},
	Date-Modified = {2013-12-10 20:58:22 +0000},
	Journal = {Statistica sinica},
	Number = {2},
	Pages = {317--342},
	Publisher = {C/O DR HC HO, INST STATISTICAL SCIENCE, ACADEMIA SINICA, TAIPEI 115, TAIWAN},
	Title = {Evolutionary Monte Carlo: Applications to Cp model sampling and change point problem},
	Volume = {10},
	Year = {2000}}

@article{Metropolis:1953,
	Author = {Metropolis, Nicholas and Rosenbluth, Arianna W and Rosenbluth, Marshall N and Teller, Augusta H and Teller, Edward},
	Date-Added = {2013-11-20 18:40:48 +0000},
	Date-Modified = {2013-12-10 20:58:22 +0000},
	Journal = {The journal of chemical physics},
	Pages = {1087},
	Title = {Equation of state calculations by fast computing machines},
	Volume = {21},
	Year = {1953}}

@article{Hastings:1970,
	Author = {Hastings, W Keith},
	Date-Added = {2013-11-20 03:30:25 +0000},
	Date-Modified = {2013-12-10 20:58:22 +0000},
	Journal = {Biometrika},
	Number = {1},
	Pages = {97--109},
	Publisher = {Biometrika Trust},
	Title = {Monte Carlo sampling methods using Markov chains and their applications},
	Volume = {57},
	Year = {1970}}

@book{Geyer:1992,
	Author = {Geyer, Charles J},
	Date-Added = {2013-11-20 03:29:27 +0000},
	Date-Modified = {2013-12-10 20:58:22 +0000},
	Publisher = {Defense Technical Information Center},
	Title = {Markov chain Monte Carlo maximum likelihood},
	Year = {1992}}

@book{Liang:2011,
	Author = {Liang, Faming and Liu, Chuanhai and Carroll, Raymond},
	Date-Added = {2013-11-20 03:28:08 +0000},
	Date-Modified = {2013-12-10 20:58:22 +0000},
	Publisher = {Wiley. com},
	Title = {Advanced Markov chain Monte Carlo methods: learning from past samples},
	Volume = {714},
	Year = {2011}}
